<?xml version="1.0" encoding="UTF-8"?>
<record xmlns="http://www.loc.gov/MARC21/slim" xmlns:xsi="http://www.w3.org/2001/XMLSchema-instance" xsi:schemaLocation="http://www.loc.gov/MARC21/slim http://www.loc.gov/standards/marcxml/schema/MARC21slim.xsd">
<leader>00000nam a2200217 a 4500</leader>
<controlfield tag="001">001677210</controlfield>
<controlfield tag="003">NNU</controlfield>
<controlfield tag="005">20130412141313.0</controlfield>
<controlfield tag="008">920817s1909    tu            000 0 ara d</controlfield>
<datafield tag="035" ind1="9" ind2=" ">
<subfield code="a">NYUb12220585</subfield>
</datafield>
<datafield tag="035" ind1=" " ind2=" ">
<subfield code="a">(CStRLIN)NJPG92-B45179</subfield>
</datafield>
<datafield tag="040" ind1=" " ind2=" ">
<subfield code="a">NjP</subfield>
<subfield code="c">NjP</subfield>
</datafield>
<datafield tag="100" ind1="1" ind2=" ">
<subfield code="a">Qārī al-Harawī, ʻAlī ibn Sulṭān Muḥammad,</subfield>
<subfield code="d">d. 1605 or 6.</subfield>
</datafield>
<datafield tag="240" ind1="1" ind2="0">
<subfield code="a">Sharḥ Nukhbat al-fikar</subfield>
</datafield>
<datafield tag="245" ind1="1" ind2="0">
<subfield code="a">ʻAlī al-Qārī ʻalá Sharḥ Nukhbat al-fikar fī muṣṭalaḥāt ahl al-athar fī uṣūl al-ḥadīth.</subfield>
</datafield>
<datafield tag="260" ind1=" " ind2=" ">
<subfield code="a">[Istanbul :</subfield>
<subfield code="b">s.n.],</subfield>
<subfield code="c">1327 [1909]</subfield>
</datafield>
<datafield tag="300" ind1=" " ind2=" ">
<subfield code="a">269 p. ;</subfield>
<subfield code="c">26 cm.</subfield>
</datafield>
<datafield tag="600" ind1="1" ind2="0">
<subfield code="a">Ibn Ḥajar al-ʻAsqalānī, Aḥmad ibn ʻAlī,</subfield>
<subfield code="d">1372-1449.</subfield>
<subfield code="t">Nukhbat al-fikar.</subfield>
</datafield>
<datafield tag="600" ind1="1" ind2="0">
<subfield code="a">Qārī al-Harawī, ʻAlī ibn Sulṭān Muḥammad,</subfield>
<subfield code="d">-1605 or 1606.</subfield>
</datafield>
<datafield tag="740" ind1="0" ind2="1">
<subfield code="a">Sharḥ Nukhbat al-fikar.</subfield>
</datafield>
<datafield tag="OWN" ind1=" " ind2=" ">
<subfield code="a">GENERAL</subfield>
</datafield>
<datafield tag="950" ind1=" " ind2=" ">
<subfield code="l">BMAIN</subfield>
<subfield code="a">HP135</subfield>
<subfield code="b">.I2243 1909</subfield>
</datafield>
<datafield tag="955" ind1=" " ind2=" ">
<subfield code="l">BMAIN</subfield>
<subfield code="c">1</subfield>
<subfield code="r">027724767</subfield>
</datafield>
<datafield tag="998" ind1=" " ind2=" ">
<subfield code="s">9124</subfield>
</datafield>
<datafield tag="AVA" ind1=" " ind2=" ">
<subfield code="a">NYU50</subfield>
<subfield code="b">BOBST</subfield>
<subfield code="c">Main Collection</subfield>
<subfield code="d">BP135.I22383 Q27 1909</subfield>
<subfield code="e">unavailable</subfield>
<subfield code="t">Unavailable</subfield>
<subfield code="f">1</subfield>
<subfield code="g">1</subfield>
<subfield code="h">N</subfield>
<subfield code="i">0</subfield>
<subfield code="j">MAIN</subfield>
<subfield code="k">0</subfield>
</datafield>
</record>
